@INPROCEEDINGS{id.0,
author={R. L. S. {de Oliveira} and C. M. {Schweitzer} and A. A. {Shinoda} and {Ligia Rodrigues Prete}},
booktitle={2014 IEEE Colombian Conference on Communications and Computing (COLCOM)},
title={Using Mininet for emulation and prototyping Software-Defined Networks},
year={2014},
volume={},
number={},
pages={1-6},
keywords={computer networks;Internet;telecommunication network routing;virtualisation;Mininet tool;software-defined network emulation;software-defined network prototyping;computer networks;forwarding data packet control;routing data packet control;World Wide Web;virtual network emulators;performance fidelity;Floodlight controller;virtualization;OpenFlow;Control systems;Hardware;Prototypes;Routing;Topology;Operating systems;Software Defined Networking;emulation;OpenFlow;virtualization;Floodlight;Mininet},
doi={10.1109/ColComCon.2014.6860404},
ISSN={null},
month={June},}


@INPROCEEDINGS{id.1,
author={ {Kokila RT} and S. {Thamarai Selvi} and K. {Govindarajan}},
booktitle={2014 Sixth International Conference on Advanced Computing (ICoAC)},
title={DDoS detection and analysis in SDN-based environment using support vector machine classifier},
year={2014},
volume={},
number={},
pages={205-210},
keywords={computer network security;pattern classification;software defined networking;support vector machines;DDoS detection;DDoS analysis;SDN-based environment;support vector machine classifier;software defined networking;data plane;control plane;centralized control;dynamic flow policy creation;distributed denial-of-service attacks;resource exhaustion;service nonreachability;decision making;uncertain information;false positive rate;SVM classifier;Support vector machines;Probes;Accuracy;Bagging;Floods;Training;Testing;SDN;DDoS;SVM;OpenFlow;DARPA dataset},
doi={10.1109/ICoAC.2014.7229711},
ISSN={2377-6927},
month={Dec},}

@book{10.5555/1869911,
author = {Kerrisk, Michael},
title = {The Linux Programming Interface: A Linux and UNIX System Programming Handbook},
year = {2010},
isbn = {1593272200},
publisher = {No Starch Press},
address = {USA},
edition = {1st}
}

@inproceedings{id.4,
  title={Manual Telegraf},
  author={Telegraf}
}

@inproceedings{id.5,
  title={Manual InfluxDB},
  author={InfluxDB}
}

@inproceedings{id.6,
  title={Manual InfluxDB Python API},
  author={InfluxDB}
}

@article{scikit-learn,
 title={Scikit-learn: Machine Learning in {P}ython},
 author={Pedregosa, F. and Varoquaux, G. and Gramfort, A. and Michel, V.
         and Thirion, B. and Grisel, O. and Blondel, M. and Prettenhofer, P.
         and Weiss, R. and Dubourg, V. and Vanderplas, J. and Passos, A. and
         Cournapeau, D. and Brucher, M. and Perrot, M. and Duchesnay, E.},
 journal={Journal of Machine Learning Research},
 volume={12},
 pages={2825--2830},
 year={2011}
}

@inproceedings{sklearn_api,
  author    = {Lars Buitinck and Gilles Louppe and Mathieu Blondel and
               Fabian Pedregosa and Andreas Mueller and Olivier Grisel and
               Vlad Niculae and Peter Prettenhofer and Alexandre Gramfort
               and Jaques Grobler and Robert Layton and Jake VanderPlas and
               Arnaud Joly and Brian Holt and Ga{\"{e}}l Varoquaux},
  title     = {{API} design for machine learning software: experiences from the scikit-learn
               project},
  booktitle = {ECML PKDD Workshop: Languages for Data Mining and Machine Learning},
  year      = {2013},
  pages = {108--122},
}

@book{10.5555/577766,
author = {Kernighan, Brian W. and Pike, Rob},
title = {The  UNIX Programming Environment},
year = {1983},
isbn = {0139376992},
publisher = {Prentice Hall Professional Technical Reference}
}

@book{10.5555/100511,
author = {Kernighan, Brian W. and Ritchie, Dennis M.},
title = {The C Programming Language},
year = {1989},
isbn = {0131103628},
publisher = {Prentice Hall Press},
address = {USA}
}